@misc{wolfram_ls_poly,
	url={http://mathworld.wolfram.com/LeastSquaresFittingPolynomial.html},
	title={Least Squares Fitting--Polynomial},
	author={Weisstein, Eric W}
}
@misc{wolfram_ls_fitting,
	url={https://mathworld.wolfram.com/LeastSquaresFitting.html},
	title={Least Squares Fitting},
	author={Weisstein, Eric W}
}